<record><leader>00000cas a2200000 a 4500</leader><controlfield tag="001">2257131</controlfield><controlfield tag="008">760620d17971806nyucr ne      0    0eng c</controlfield><datafield ind1=" " ind2=" " tag="010"><subfield code="a">sn 83030863 </subfield></datafield><datafield ind1=" " ind2=" " tag="040"><subfield code="a">PIT</subfield><subfield code="b">eng</subfield><subfield code="c">PIT</subfield><subfield code="d">NPU</subfield><subfield code="d">NYG</subfield><subfield code="d">DLC</subfield><subfield code="d">NPX</subfield><subfield code="d">NYS</subfield><subfield code="d">YOX</subfield><subfield code="d">HUL</subfield><subfield code="d">IUL</subfield><subfield code="d">CNK</subfield><subfield code="d">MGN</subfield><subfield code="d">YOX</subfield><subfield code="d">NYS</subfield><subfield code="d">NVK</subfield><subfield code="d">OBN</subfield><subfield code="d">OCL</subfield><subfield code="d">CVF</subfield><subfield code="d">DLC</subfield><subfield code="d">NYS</subfield><subfield code="d">KRTAS</subfield><subfield code="d">DLC</subfield><subfield code="d">OCLCQ</subfield><subfield code="d">OCLCF</subfield></datafield><datafield ind1="1" ind2=" " tag="029"><subfield code="a">AU@</subfield><subfield code="b">000020293592</subfield></datafield><datafield ind1=" " ind2=" " tag="042"><subfield code="a">pcc</subfield></datafield><datafield ind1=" " ind2=" " tag="043"><subfield code="a">n-us-ny</subfield></datafield><datafield ind1="0" ind2="0" tag="050"><subfield code="a">Newspaper</subfield></datafield><datafield ind1="0" ind2="4" tag="245"><subfield code="a">The Albany centinel.</subfield></datafield><datafield ind1="1" ind2="3" tag="246"><subfield code="a">Albany sentinel</subfield></datafield><datafield ind1=" " ind2=" " tag="260"><subfield code="a">Albany [N.Y.] :</subfield><subfield code="b">L. Andrews,</subfield><subfield code="c">1797-</subfield></datafield><datafield ind1=" " ind2=" " tag="300"><subfield code="a">v. ;</subfield><subfield code="c">52 cm.</subfield></datafield><datafield ind1=" " ind2=" " tag="310"><subfield code="a">Semiweekly</subfield></datafield><datafield ind1="0" ind2=" " tag="362"><subfield code="a">Vol. 1, no. 1 (July 4, 1797)-</subfield></datafield><datafield ind1="1" ind2=" " tag="362"><subfield code="a">Ceased Nov. 1806.</subfield></datafield><datafield ind1=" " ind2=" " tag="500"><subfield code="a">Later published by Whiting &amp; Leavenworth.</subfield></datafield><datafield ind1=" " ind2=" " tag="530"><subfield code="a">Also issued on microfilm from Readex Microprint Corp.</subfield></datafield><datafield ind1=" " ind2="0" tag="651"><subfield code="a">Albany (N.Y.)</subfield><subfield code="v">Newspapers.</subfield></datafield><datafield ind1=" " ind2="0" tag="651"><subfield code="a">Albany County (N.Y.)</subfield><subfield code="v">Newspapers.</subfield></datafield><datafield ind1=" " ind2="7" tag="655"><subfield code="a">Newspapers.</subfield><subfield code="2">fast</subfield><subfield code="0">(OCoLC)fst01423814</subfield></datafield><datafield ind1=" " ind2="7" tag="651"><subfield code="a">New York (State)</subfield><subfield code="z">Albany.</subfield><subfield code="2">fast</subfield><subfield code="0">(OCoLC)fst01225716</subfield></datafield><datafield ind1=" " ind2="7" tag="651"><subfield code="a">New York (State)</subfield><subfield code="z">Albany County.</subfield><subfield code="2">fast</subfield><subfield code="0">(OCoLC)fst01210357</subfield></datafield><datafield ind1=" " ind2=" " tag="752"><subfield code="a">United States</subfield><subfield code="b">New York</subfield><subfield code="c">Albany</subfield><subfield code="d">Albany.</subfield></datafield><datafield ind1="0" ind2="0" tag="785"><subfield code="t">Republican crisis</subfield><subfield code="w">(DLC)sn 83030862</subfield><subfield code="w">(OCoLC)9695256</subfield></datafield><datafield ind1=" " ind2=" " tag="850"><subfield code="a">MH</subfield></datafield><datafield ind1=" " ind2=" " tag="938"><subfield code="a">Kirtas Technologies, Inc.</subfield><subfield code="b">KRTS</subfield><subfield code="n">734134</subfield></datafield></record>